%===============================================================================
% (c) Dominik Harmim <xharmi00 AT stud.fit.vutbr.cz>
%===============================================================================

@Misc{harmimBP,
    author = {Harmim, D.},
    title = {
        {\textit{Static Analysis Using Facebook Infer to Find Atomicity
        Violations}}
    },
    note = {
        Bachelor's thesis. Brno University of Technology, Faculty of
        Information Technology. Supervisor T. Vojnar
    },
    year = {2019}
}

@InProceedings{contracts2017,
    author = {
        Dias, R. J. and Ferreira, C. and Fiedor, J. and Lourenço, J. M.
        and Smrčka, A. and Sousa, D. G. and Vojnar, T.
    },
    title = {{Verifying Concurrent Programs Using Contracts}},
    booktitle = {Proc. of ICST},
    year = {2017}
}

@InProceedings{inferBiabduction,
    author = {Calcagno, C. and Distefano, D. and O'Hearn, P. W. and Yang, H.},
    title = {{Compositional Shape Analysis by Means of Bi-Abduction}},
    booktitle = {Proc. of POPL},
    year = {2009}
}

@InProceedings{controlFlowAnalysisAllen,
    author = {Allen, F. E.},
    title = {{Control Flow Analysis}},
    booktitle = {Proc. of a~Symposium on Compiler Optimization},
    year = {1970},
}

@Article{racerD,
    author = {
        Blackshear, S. and Gorogiannis, N. and O'Hearn, P. W. and Sergey, I.
    },
    title = {{RacerD: Compositional Static Race Detection}},
    journal = {Proc. of OOPSLA},
    year = {2018}
}

@InProceedings{AILatticeModelCousot,
    author = {Cousot, P. and Cousot, R.},
    title = {
        {Abstract Interpretation: A~Unified Lattice Model for Static
        Analysis of Programs by Construction or Approximation of Fixpoints}
    },
    booktitle = {Proc. of POPL},
    year = {1977}
}

@InProceedings{wideningNarrowingCousot,
    author = {Cousot, P. and Cousot, R.},
    title = {
        {Comparing the Galois Connection and Widening/Narrowing
        Approaches to Abstract Interpretation, invited paper}
    },
    booktitle = {Proc. of PLILP},
    year = {1992}
}

@Article{staticRaceDetectorTruePositives,
    author = {Gorogiannis, N. and O'Hearn, P. W. and Sergey, I.},
    title = {{A~True Positives Theorem for a~Static Race Detector}},
    journal = {Proc. of POPL},
    year = {2019}
}

@Misc{staticAnalysisMoller,
    author = {Møller, A. and Schwartzbach, I. M.},
    title = {Static Program Analysis},
    note = {Department of Computer Science, Aarhus University},
    year = {2020}
}

@Book{programAnalysisNielson,
    author = {Nielson, F. and Nielson, R. H. and Hankin, C.},
    title = {{Principles of Program Analysis}},
    publisher = {Springer Berlin Heidelberg},
    edition = {2nd},
    year = {2005}
}

@Misc{inferAISpeech,
    author = {Blackshear, S.},
    title = {
        {Getting the most out of static analyzers. \textit{Speech at The
        @Scale Conference} [online]}
    },
    year = {2. September 2016 [cit. 2021-03-21]},
    note = {
        Available at: \url{https://atscaleconference.com/videos/%
        getting-the-most-out-of-static-analyzers}
    },
}

@InProceedings{DFAGraphReach,
    author = {Reps, T. and Horwitz, S. and Sagiv, M.},
    title = {
        {Precise Interprocedural Dataflow Analysis via Graph Reachability}
    },
    booktitle = {Proc. of POPL},
    year = {1995}
}

@InCollection{DFAApproaches,
    author = {Sharir, M. and Pnueli, A.},
    title = {{Two Approaches to Interprocedural Data Flow Analysis}},
    booktitle = {Program Flow Analysis: Theory and Applications},
    chapter = {7},
    year = {1981},
    publisher = {Prentice Hall}
}

@InProceedings{accessPath,
    author = {Jones, N. D. and Muchnick, S. S.},
    title = {{Flow Analysis and Optimization of LISP-Like Structures}},
    year = {1979},
    booktitle = {Proc. of POPL}
}

@Misc{inferCSharp,
    author = {Villard, J.},
    title = {
        {Infer powering Microsoft’s Infer\#, a~new static analyzer for C\#.
        \textit{Facebook Engineering} [online]}
    },
    year = {14. December 2020 [cit. 2021-03-21]},
    note = {
        Available at:
        \url{https://engineering.fb.com/2020/12/14/open-source/infer}
    }
}

@Book{staticAnalysisRival,
    author = {Rival, X. and Kwangkeun, Y.},
    title = {
        {Introduction to Static Analysis: An Abstract Interpretation
        Perspective}
    },
    publisher = {The MIT Press},
    edition = {1st},
    year = {2020}
}

@Article{hoare,
    author = {Hoare, C. A. R.},
    title = {{An Axiomatic Basis for Computer Programming}},
    year = {1969},
    journal = {Commun. ACM}
}

%===============================================================================
